@repository{prototype:repo,
    title = "Project repository",
    author = "Group 10",
    url = "https://github.com/hansbotnen/Dat250Gruppe10"
}

@wiki{wiki:nodejs,
    author = "Wikipedia",
    title = "Node.js",
    url  = "https://en.wikipedia.org/wiki/Node.js",
    addendum = "(accessed: 13.11.2018)",
}

@online{npmjs:modules,
    author = "Npmjs",
    title = "About packages and modules",
    url = "https://docs.npmjs.com/about-packages-and-modules",
    addendum = "(accessed: 13.11.2018)",
}

@article{codeburst:callback,
    author = "Braond Morelli",
    title = "What the heck is a Callback",
    url = "https://codeburst.io/javascript-
    what-the-heck-is-a-callback-aba4da2deced",
    addendum = "(accessed: 13.11.2018)",
}
 
@article{compare:javanode,
    author = "Peter Wayner",
    title = "Java vs Node.js",
    url = {https://www.infoworld.com/article/2883328/node-js/
    java-vs-nodejs-an-epic-battle-for-developer-mindshare.html},
    addendum = "(accessed: 20.11.2018)",
}

@image{eventloop:image,
    title="Eventloop Image", 
    url="
    https://www.tutorialspoint.com/nodejs/nodejs\_event\_loop.html",
    addendum = "(accessed: 13.11.2018)"
}

@documentation{docs:eventloop,
    title="Eventloop documentation",
    author="Node.js",
    url="
    https://nodejs.org/en/docs/guides/event-loop-timers-and-nexttick/",
    addendum = "(accessed: 13.11.2018)"
}

@article{nodejs:whyuse,
    title="Why use Node.js",
    author="Tomislav Capan",
    url="
    https://www.toptal.com/nodejs/why-the-hell-would-i-use-node-js",
    addendum="(accessed: 13.11.2018)"
}

@link{npm:webpage,
    title="NPM",
    url="www.npmjs.com"
}

@image{image:modulecount,
    title="Module count",
    url="www.modulecounts.com"
}

@online{chrome:MVC,
    title="MVC Framework",
    author="Chrome",
    url = "https://developer.chrome.com/apps/app_frameworks#mvc",
    addendum = "(accessed: 22.11.2018)",
}

@article{article:v8engine,
    title="Google's v8 engine",
    author="DroidHead",
    url="https://medium.freecodecamp.org/understanding-the-core-of-nodejs-the-powerful-chrome-v8-engine-79e7eb8af964"
}

@instructions{instructions:socketio,
    title="Socket.io instructions",
    url="https://github.com/socketio/socket.io",
    author="Socketio"
    }
    